@article{Cabibbo:1975ig,
      author         = "Cabibbo, N. and Parisi, G.",
      title          = "{Exponential Hadronic Spectrum and Quark Liberation}",
      journal        = "Phys. Lett.",
      volume         = "59B",
      year           = "1975",
      pages          = "67-69",
      doi            = "10.1016/0370-2693(75)90158-6",
      reportNumber   = "INFN-ROME-620",
      SLACcitation   = "%%CITATION = PHLTA,59B,67;%%"
}

@inproceedings{Blaizot:2003tw,
      author         = "Blaizot, Jean-Paul and Iancu, Edmond and Rebhan, Anton",
      title          = "{Thermodynamics of the high temperature quark gluon
                        plasma}",
      booktitle      = "{Quark-gluon plasma 4}",
      year           = "2003",
      pages          = "60-122",
      doi            = "10.1142/9789812795533_0002",
      eprint         = "hep-ph/0303185",
      archivePrefix  = "arXiv",
      primaryClass   = "hep-ph",
      reportNumber   = "SACLAY-T03-26, TUW-03-04",
      SLACcitation   = "%%CITATION = HEP-PH/0303185;%%"
}

@article{CasalderreySolana:2011us,
      author         = "Casalderrey-Solana, Jorge and Liu, Hong and Mateos, David
                        and Rajagopal, Krishna and Wiedemann, Urs Achim",
      title          = "{Gauge/String Duality, Hot QCD and Heavy Ion Collisions}",
      year           = "2011",
      doi            = "10.1017/CBO9781139136747",
      eprint         = "1101.0618",
      archivePrefix  = "arXiv",
      primaryClass   = "hep-th",
      reportNumber   = "CERN-PH-TH-2010-316, MIT-CTP-4198, ICCUB-10-202",
      SLACcitation   = "%%CITATION = ARXIV:1101.0618;%%"
}

@article{Rischke:2003mt,
      author         = "Rischke, Dirk H.",
      title          = "{The Quark gluon plasma in equilibrium}",
      journal        = "Prog. Part. Nucl. Phys.",
      volume         = "52",
      year           = "2004",
      pages          = "197-296",
      doi            = "10.1016/j.ppnp.2003.09.002",
      eprint         = "nucl-th/0305030",
      archivePrefix  = "arXiv",
      primaryClass   = "nucl-th",
      SLACcitation   = "%%CITATION = NUCL-TH/0305030;%%"
}

@article{Gyulassy:2004zy,
      author         = "Gyulassy, Miklos and McLerran, Larry",
      title          = "{New forms of QCD matter discovered at RHIC}",
      booktitle      = "{Quark gluon plasma. New discoveries at RHIC: A case of
                        strongly interacting quark gluon plasma. Proceedings, RBRC
                        Workshop, Brookhaven, Upton, USA, May 14-15, 2004}",
      journal        = "Nucl. Phys.",
      volume         = "A750",
      year           = "2005",
      pages          = "30-63",
      doi            = "10.1016/j.nuclphysa.2004.10.034",
      eprint         = "nucl-th/0405013",
      archivePrefix  = "arXiv",
      primaryClass   = "nucl-th",
      SLACcitation   = "%%CITATION = NUCL-TH/0405013;%%"
}

@article{Arnold:2007pg,
      author         = "Arnold, Peter Brockway",
      title          = "{Quark-Gluon Plasmas and Thermalization}",
      booktitle      = "{Hadron physics. Proceedings, 10th International
                        Workshop, Florianopolis, Brazil, April 26-31, 2007}",
      journal        = "Int. J. Mod. Phys.",
      volume         = "E16",
      year           = "2007",
      pages          = "2555-2594",
      doi            = "10.1142/S021830130700832X",
      eprint         = "0708.0812",
      archivePrefix  = "arXiv",
      primaryClass   = "hep-ph",
      SLACcitation   = "%%CITATION = ARXIV:0708.0812;%%"
}

@ARTICLE{2001ConPh..42..209H,
   author = {{Hands}, S.},
    title = "{The phase diagram of QCD}",
  journal = {Contemporary Physics},
   eprint = {physics/0105022},
     year = 2001,
    month = apr,
   volume = 42,
    pages = {209-225},
      doi = {10.1080/00107510110063843},
   adsurl = {http://adsabs.harvard.edu/abs/2001ConPh..42..209H},
  adsnote = {Provided by the SAO/NASA Astrophysics Data System}
}

@article{Hagedorn:1965st,
      author         = "Hagedorn, R.",
      title          = "{Statistical thermodynamics of strong interactions at
                        high-energies}",
      journal        = "Nuovo Cim. Suppl.",
      volume         = "3",
      year           = "1965",
      pages          = "147-186",
      reportNumber   = "CERN-TH-520",
      SLACcitation   = "%%CITATION = NUCUA,3,147;%%"
}

@article{Shuryak:1978ij,
      author         = "Shuryak, Edward V.",
      title          = "{Quark-Gluon Plasma and Hadronic Production of Leptons,
                        Photons and Psions}",
      journal        = "Phys. Lett.",
      volume         = "78B",
      year           = "1978",
      pages          = "150",
      doi            = "10.1016/0370-2693(78)90370-2",
      note           = "[Yad. Fiz.28,796(1978)]",
      reportNumber   = "IYF-78-24",
      SLACcitation   = "%%CITATION = PHLTA,78B,150;%%"
}

@inproceedings{Martinez:2013xka,
      author         = "Martinez, Gines",
      title          = "{Advances in Quark Gluon Plasma}",
      year           = "2013",
      eprint         = "1304.1452",
      archivePrefix  = "arXiv",
      primaryClass   = "nucl-ex",
      SLACcitation   = "%%CITATION = ARXIV:1304.1452;%%"
}

@book{cahn_goldhaber_2009, 
	place={Cambridge},
	edition={2},
	title={The Experimental Foundations of Particle Physics},
	DOI={10.1017/CBO9780511609923},
	publisher={Cambridge University Press},
	author={Cahn, Robert N. and Goldhaber, Gerson},
	year={2009}
}

@book{kapusta_gale_2006,
	place={Cambridge},
	edition={2},
	series={Cambridge Monographs on Mathematical Physics},
	title={Finite-Temperature Field Theory: Principles and Applications},
	DOI={10.1017/CBO9780511535130},
	publisher={Cambridge University Press},
	author={Kapusta, Joseph I. and Gale, Charles},
	year={2006},
	collection={Cambridge Monographs on Mathematical Physics}
}

@article{Ding:2015ona,
      author         = "Ding, Heng-Tong and Karsch, Frithjof and Mukherjee,
                        Swagato",
      title          = "{Thermodynamics of strong-interaction matter from Lattice
                        QCD}",
      journal        = "Int. J. Mod. Phys.",
      volume         = "E24",
      year           = "2015",
      number         = "10",
      pages          = "1530007",
      doi            = "10.1142/S0218301315300076",
      eprint         = "1504.05274",
      archivePrefix  = "arXiv",
      primaryClass   = "hep-lat",
      SLACcitation   = "%%CITATION = ARXIV:1504.05274;%%"
}

@article{Matsui:1986dk,
      author         = "Matsui, T. and Satz, H.",
      title          = "{$J/\psi$ Suppression by Quark-Gluon Plasma Formation}",
      journal        = "Phys. Lett.",
      volume         = "B178",
      year           = "1986",
      pages          = "416-422",
      doi            = "10.1016/0370-2693(86)91404-8",
      reportNumber   = "BNL-38344",
      SLACcitation   = "%%CITATION = PHLTA,B178,416;%%"
}

@article{Brambilla:2004jw,
      author         = "Brambilla, Nora and Pineda, Antonio and Soto, Joan and
                        Vairo, Antonio",
      title          = "{Effective field theories for heavy quarkonium}",
      journal        = "Rev. Mod. Phys.",
      volume         = "77",
      year           = "2005",
      pages          = "1423",
      doi            = "10.1103/RevModPhys.77.1423",
      eprint         = "hep-ph/0410047",
      archivePrefix  = "arXiv",
      primaryClass   = "hep-ph",
      reportNumber   = "IFUM-805-FT, UB-ECM-PF-04-24",
      SLACcitation   = "%%CITATION = HEP-PH/0410047;%%"
}

@article{Brambilla:1999xf,
      author         = "Brambilla, Nora and Pineda, Antonio and Soto, Joan and
                        Vairo, Antonio",
      title          = "{Potential NRQCD: An Effective theory for heavy
                        quarkonium}",
      journal        = "Nucl. Phys.",
      volume         = "B566",
      year           = "2000",
      pages          = "275",
      doi            = "10.1016/S0550-3213(99)00693-8",
      eprint         = "hep-ph/9907240",
      archivePrefix  = "arXiv",
      primaryClass   = "hep-ph",
      reportNumber   = "CERN-TH-99-199, HEPHY-PUB-716-99, UB-ECM-PF-99-06,
                        UWTHPH-1999-34, UB-ECM-PF-99-13",
      SLACcitation   = "%%CITATION = HEP-PH/9907240;%%"
}

@article{Brambilla:2000gk,
      author         = "Brambilla, Nora and Pineda, Antonio and Soto, Joan and
                        Vairo, Antonio",
      title          = "{The QCD potential at O(1/m)}",
      journal        = "Phys. Rev.",
      volume         = "D63",
      year           = "2001",
      pages          = "014023",
      doi            = "10.1103/PhysRevD.63.014023",
      eprint         = "hep-ph/0002250",
      archivePrefix  = "arXiv",
      primaryClass   = "hep-ph",
      reportNumber   = "CERN-TH-2000-053, UB-ECM-PF-00-03, UWTHPH-1999-47",
      SLACcitation   = "%%CITATION = HEP-PH/0002250;%%"
}

@article{Pineda:2000sz,
      author         = "Pineda, Antonio and Vairo, Antonio",
      title          = "{The QCD potential at O (1 / $m^{2)}$ : Complete spin
                        dependent and spin independent result}",
      journal        = "Phys. Rev.",
      volume         = "D63",
      year           = "2001",
      pages          = "054007",
      doi            = "10.1103/PhysRevD.64.039902, 10.1103/PhysRevD.63.054007",
      note           = "[Erratum: Phys. Rev.D64,039902(2001)]",
      eprint         = "hep-ph/0009145",
      archivePrefix  = "arXiv",
      primaryClass   = "hep-ph",
      reportNumber   = "CERN-TH-2000-197, HD-THEP-00-31",
      SLACcitation   = "%%CITATION = HEP-PH/0009145;%%"
}

@article{Brambilla:2008cx,
      author         = "Brambilla, Nora and Ghiglieri, Jacopo and Vairo, Antonio
                        and Petreczky, Peter",
      title          = "{Static quark-antiquark pairs at finite temperature}",
      journal        = "Phys. Rev.",
      volume         = "D78",
      year           = "2008",
      pages          = "014017",
      doi            = "10.1103/PhysRevD.78.014017",
      eprint         = "0804.0993",
      archivePrefix  = "arXiv",
      primaryClass   = "hep-ph",
      reportNumber   = "BNL-NT-08-7, IFUM-916-FT",
      SLACcitation   = "%%CITATION = ARXIV:0804.0993;%%"
}

@article{Aarts:2016hap,
      author         = "Aarts, G. and others",
      title          = "{Heavy-flavor production and medium properties in
                        high-energy nuclear collisions - What next?}",
      booktitle      = "{Lorentz workshop: Tomography of the Quark-Gluon Plasma
                        with Heavy Quarks Leiden, Netherlands, October 10-14,
                        2016}",
      journal        = "Eur. Phys. J.",
      volume         = "A53",
      year           = "2017",
      number         = "5",
      pages          = "93",
      doi            = "10.1140/epja/i2017-12282-9",
      eprint         = "1612.08032",
      archivePrefix  = "arXiv",
      primaryClass   = "nucl-th",
      SLACcitation   = "%%CITATION = ARXIV:1612.08032;%%"
}

@article{Andronic:2015wma,
      author         = "Andronic, A. and others",
      title          = "{Heavy-flavour and quarkonium production in the LHC era:
                        from proton–proton to heavy-ion collisions}",
      journal        = "Eur. Phys. J.",
      volume         = "C76",
      year           = "2016",
      number         = "3",
      pages          = "107",
      doi            = "10.1140/epjc/s10052-015-3819-5",
      eprint         = "1506.03981",
      archivePrefix  = "arXiv",
      primaryClass   = "nucl-ex",
      SLACcitation   = "%%CITATION = ARXIV:1506.03981;%%"
}

@article{Gross:1998jx,
      author         = "Gross, David J.",
      title          = "{Twenty five years of asymptotic freedom}",
      booktitle      = "{QCD'98. Proceedings, 3rd Euroconference, 6th Conference,
                        Montpellier, France, July 2-8, 1998}",
      journal        = "Nucl. Phys. Proc. Suppl.",
      volume         = "74",
      year           = "1999",
      pages          = "426-446",
      doi            = "10.1016/S0920-5632(99)00208-X",
      note           = "[,426(1998)]",
      eprint         = "hep-th/9809060",
      archivePrefix  = "arXiv",
      primaryClass   = "hep-th",
      SLACcitation   = "%%CITATION = HEP-TH/9809060;%%"
}

@article{Gross:1973id,
      author         = "Gross, David J. and Wilczek, Frank",
      title          = "{Ultraviolet Behavior of Nonabelian Gauge Theories}",
      journal        = "Phys. Rev. Lett.",
      volume         = "30",
      year           = "1973",
      pages          = "1343-1346",
      doi            = "10.1103/PhysRevLett.30.1343",
      note           = "[,271(1973)]",
      SLACcitation   = "%%CITATION = PRLTA,30,1343;%%"
}

@book{Peskin:1995ev,
      author         = "Peskin, Michael E. and Schroeder, Daniel V.",
      title          = "{An Introduction to quantum field theory}",
      publisher      = "Addison-Wesley",
      address        = "Reading, USA",
      year           = "1995",
      url            = "http://www.slac.stanford.edu/~mpeskin/QFT.html",
      ISBN           = "9780201503975, 0201503972",
      SLACcitation   = "%%CITATION = INSPIRE-407703;%%"
}

@book{weinberg_1996,
	place={Cambridge},
	title={The Quantum Theory of Fields},
	volume={2}, DOI={10.1017/CBO9781139644174},
	publisher={Cambridge University Press},
	author={Weinberg, Steven},
	year={1996}
}

@INPROCEEDINGS{Wilczek_asymptoticfreedom,
    author = {Frank Wilczek},
    title = {Asymptotic freedom: From paradox to paradigm},
    booktitle = {Proceedings of the National Academy of Sciences},
    year = {},
    pages = {8403--8413}
}

@article{Kopietz:2010zz,
      author         = "Kopietz, Peter and Bartosch, Lorenz and Schütz, Florian",
      title          = "{Introduction to the functional renormalization group}",
      journal        = "Lect. Notes Phys.",
      volume         = "798",
      year           = "2010",
      pages          = "1-380",
      doi            = "10.1007/978-3-642-05094-7",
      SLACcitation   = "%%CITATION = LNPHA,798,1;%%"
}

@book{Cardy:1996xt,
      author         = "Cardy, John L.",
      title          = "{Scaling and renormalization in statistical physics}",
      journal        = "Cambridge, UK: Univ. Pr. (1996) 238 p. (Cambridge lecture
                        notes in physics: 3)",
      year           = "1996",
      SLACcitation   = "%%CITATION = INSPIRE-429658;%%"
}

@article{Bethke:2009jm,
      author         = "Bethke, Siegfried",
      title          = "{The 2009 World Average of alpha(s)}",
      journal        = "Eur. Phys. J.",
      volume         = "C64",
      year           = "2009",
      pages          = "689-703",
      doi            = "10.1140/epjc/s10052-009-1173-1",
      note           = "[,111(2009)]",
      eprint         = "0908.1135",
      archivePrefix  = "arXiv",
      primaryClass   = "hep-ph",
      SLACcitation   = "%%CITATION = ARXIV:0908.1135;%%"
}

@article{Bethke:2006ac,
      author         = "Bethke, Siegfried",
      title          = "{Experimental tests of asymptotic freedom}",
      journal        = "Prog. Part. Nucl. Phys.",
      volume         = "58",
      year           = "2007",
      pages          = "351-386",
      doi            = "10.1016/j.ppnp.2006.06.001",
      eprint         = "hep-ex/0606035",
      archivePrefix  = "arXiv",
      primaryClass   = "hep-ex",
      reportNumber   = "MPE-2006-54",
      SLACcitation   = "%%CITATION = HEP-EX/0606035;%%"
}

@article{Kharzeev:2002fm,
      author         = "Kharzeev, D. E. and Raufeisen, J.",
      title          = "{High-energy nuclear interactions and QCD: An
                        Introduction}",
      booktitle      = "{New states of matter in hadronic interactions.
                        Proceedings, Pan-American Advanced Study Institute, PASI
                        2002, Campos do Jordao, Sao Paulo, Brazil, January 7-18,
                        2002}",
      journal        = "AIP Conf. Proc.",
      volume         = "631",
      year           = "2002",
      pages          = "27-69",
      doi            = "10.1063/1.1513676",
      eprint         = "nucl-th/0206073",
      archivePrefix  = "arXiv",
      primaryClass   = "nucl-th",
      reportNumber   = "BNL-NT-02-15, LA-UR-02-3956",
      SLACcitation   = "%%CITATION = NUCL-TH/0206073;%%"
}

@article{Nielsen:AF_spin,
	author = {Nielsen,N. K.},
	title = {Asymptotic freedom as a spin effect},
	journal = {American Journal of Physics},
	volume = {49},
	number = {12},
	pages = {1171-1178},
	year = {1981},
	doi = {10.1119/1.12565},
	URL = {https://doi.org/10.1119/1.12565},
	eprint = {https://doi.org/10.1119/1.12565}
}

@article{Greensite:2003bk,
      author         = "Greensite, J.",
      title          = "{The Confinement problem in lattice gauge theory}",
      journal        = "Prog. Part. Nucl. Phys.",
      volume         = "51",
      year           = "2003",
      pages          = "1",
      doi            = "10.1016/S0146-6410(03)90012-3",
      eprint         = "hep-lat/0301023",
      archivePrefix  = "arXiv",
      primaryClass   = "hep-lat",
      SLACcitation   = "%%CITATION = HEP-LAT/0301023;%%"
}

@unpublished{Clay_problem,
  	author       = {Arthur Jaffe and Edward Witten}, 
  	title        = {Quantum Yang-Mills Theory},
	url = {http://www.claymath.org/sites/default/files/yangmills.pdf}
}

@article{Rothe:1992nt,
      author         = "Rothe, H. J.",
      title          = "{Lattice gauge theories: An Introduction}",
      journal        = "World Sci. Lect. Notes Phys.",
      volume         = "43",
      year           = "1992",
      pages          = "1-381",
      note           = "[World Sci. Lect. Notes Phys.82,1(2012)]",
      SLACcitation   = "%%CITATION = 00327,43,1;%%"
}

@article{Burnier:2014ssa,
      author         = "Burnier, Yannis and Kaczmarek, Olaf and Rothkopf,
                        Alexander",
      title          = "{Static quark-antiquark potential in the quark-gluon
                        plasma from lattice QCD}",
      journal        = "Phys. Rev. Lett.",
      volume         = "114",
      year           = "2015",
      number         = "8",
      pages          = "082001",
      doi            = "10.1103/PhysRevLett.114.082001",
      eprint         = "1410.2546",
      archivePrefix  = "arXiv",
      primaryClass   = "hep-lat",
      reportNumber   = "BI-TP-2014-21",
      SLACcitation   = "%%CITATION = ARXIV:1410.2546;%%"
}

@article{Rothkopf:2011db,
      author         = "Rothkopf, Alexander and Hatsuda, Tetsuo and Sasaki,
                        Shoichi",
      title          = "{Complex Heavy-Quark Potential at Finite Temperature from
                        Lattice QCD}",
      journal        = "Phys. Rev. Lett.",
      volume         = "108",
      year           = "2012",
      pages          = "162001",
      doi            = "10.1103/PhysRevLett.108.162001",
      eprint         = "1108.1579",
      archivePrefix  = "arXiv",
      primaryClass   = "hep-lat",
      reportNumber   = "TKYNT-11-10, RIKEN-QHP-8, BI-TP-2011-23",
      SLACcitation   = "%%CITATION = ARXIV:1108.1579;%%"
}

@article{Bazavov:2011nk,
      author         = "Bazavov, A. and others",
      title          = "{The chiral and deconfinement aspects of the QCD
                        transition}",
      journal        = "Phys. Rev.",
      volume         = "D85",
      year           = "2012",
      pages          = "054503",
      doi            = "10.1103/PhysRevD.85.054503",
      eprint         = "1111.1710",
      archivePrefix  = "arXiv",
      primaryClass   = "hep-lat",
      SLACcitation   = "%%CITATION = ARXIV:1111.1710;%%"
}

@article{Alford:2001dt,
      author         = "Alford, Mark G.",
      title          = "{Color superconducting quark matter}",
      journal        = "Ann. Rev. Nucl. Part. Sci.",
      volume         = "51",
      year           = "2001",
      pages          = "131-160",
      doi            = "10.1146/annurev.nucl.51.101701.132449",
      eprint         = "hep-ph/0102047",
      archivePrefix  = "arXiv",
      primaryClass   = "hep-ph",
      reportNumber   = "GUTPA-01-02-01",
      SLACcitation   = "%%CITATION = HEP-PH/0102047;%%"
}

@article{PhysRevD.98.030001,
  title = {Review of Particle Physics},
  author = {M. Tanabashi et al.},
  collaboration = {Particle Data Group},
  journal = {Phys. Rev. D},
  volume = {98},
  issue = {3},
  pages = {030001},
  numpages = {1898},
  year = {2018},
  month = {Aug},
  publisher = {American Physical Society},
  doi = {10.1103/PhysRevD.98.030001},
  url = {https://link.aps.org/doi/10.1103/PhysRevD.98.030001}
}

@article{Wilson:1974sk,
      author         = "Wilson, Kenneth G.",
      title          = "{Confinement of Quarks}",
      journal        = "Phys. Rev.",
      volume         = "D10",
      year           = "1974",
      pages          = "2445-2459",
      doi            = "10.1103/PhysRevD.10.2445",
      note           = "[,319(1974)]",
      reportNumber   = "CLNS-262",
      SLACcitation   = "%%CITATION = PHRVA,D10,2445;%%"
}


