@article{Thakur:2013nia,
      author         = "Thakur, Lata and Kakade, Uttam and Patra, Binoy Krishna",
      title          = "{Dissociation of Quarkonium in a Complex Potential}",
      journal        = "Phys. Rev.",
      volume         = "D89",
      year           = "2014",
      number         = "9",
      pages          = "094020",
      doi            = "10.1103/PhysRevD.89.094020",
      eprint         = "1401.0172",
      archivePrefix  = "arXiv",
      primaryClass   = "hep-ph",
      SLACcitation   = "%%CITATION = ARXIV:1401.0172;%%",
      url				 = {http://inspirehep.net/record/1275833}
}